<?xml version="1.0" encoding="UTF-8"?>
  <record xmlns="http://www.loc.gov/MARC21/slim" type="Authority">
    <leader>00000nz  a2200000nc 4500</leader>
    <controlfield tag="001">121654052</controlfield>
    <controlfield tag="003">DE-101</controlfield>
    <controlfield tag="005">20080406100943.0</controlfield>
    <controlfield tag="008">991215n||aznnnaabn           | aaa    |c</controlfield>
    <datafield tag="024" ind1="7" ind2=" ">
      <subfield code="a">121654052</subfield>
      <subfield code="0">http://d-nb.info/gnd/121654052</subfield>
      <subfield code="2">gnd</subfield>
    </datafield>
    <datafield tag="035" ind1=" " ind2=" ">
      <subfield code="a">(DE-101)121654052</subfield>
    </datafield>
    <datafield tag="035" ind1=" " ind2=" ">
      <subfield code="a">(DE-588)121654052</subfield>
    </datafield>
    <datafield tag="035" ind1=" " ind2=" ">
      <subfield code="z">(DE-588a)121654052</subfield>
      <subfield code="9">v:zg</subfield>
    </datafield>
    <datafield tag="040" ind1=" " ind2=" ">
      <subfield code="a">DE-12</subfield>
      <subfield code="c">DE-12</subfield>
      <subfield code="9">r:DE-12</subfield>
      <subfield code="b">ger</subfield>
      <subfield code="d">0012</subfield>
    </datafield>
    <datafield tag="042" ind1=" " ind2=" ">
      <subfield code="a">gnd1</subfield>
    </datafield>
    <datafield tag="075" ind1=" " ind2=" ">
      <subfield code="b">p</subfield>
      <subfield code="2">gndgen</subfield>
    </datafield>
    <datafield tag="075" ind1=" " ind2=" ">
      <subfield code="b">piz</subfield>
      <subfield code="2">gndspec</subfield>
    </datafield>
    <datafield tag="079" ind1=" " ind2=" ">
      <subfield code="a">g</subfield>
      <subfield code="q">a</subfield>
      <subfield code="q">f</subfield>
    </datafield>
    <datafield tag="100" ind1="1" ind2=" ">
      <subfield code="a">Bischoffsheimb, Christoph &#152;von&#156;</subfield>
      <subfield code="d">1577-1644</subfield>
    </datafield>
    <datafield tag="400" ind1="1" ind2=" ">
      <subfield code="a">Bischoffsheimb, Christoff &#152;von&#156;</subfield>
      <subfield code="d">1577-1644</subfield>
    </datafield>
    <datafield tag="400" ind1="1" ind2=" ">
      <subfield code="a">Bischoffheimb, Christoff &#152;von&#156;</subfield>
      <subfield code="d">1577-1644</subfield>
    </datafield>
    <datafield tag="400" ind1="1" ind2=" ">
      <subfield code="a">Bischoffsheimb, Christof &#152;von&#156;</subfield>
      <subfield code="d">1577-1644</subfield>
    </datafield>
    <datafield tag="400" ind1="1" ind2=" ">
      <subfield code="a">Bischoffsheim, Christoph &#152;von&#156;</subfield>
      <subfield code="d">1577-1644</subfield>
    </datafield>
    <datafield tag="400" ind1="1" ind2=" ">
      <subfield code="a">Bischoffsheim, Christoff &#152;von&#156;</subfield>
      <subfield code="d">1577-1644</subfield>
    </datafield>
    <datafield tag="400" ind1="1" ind2=" ">
      <subfield code="a">Bischoffheim, Christoff &#152;von&#156;</subfield>
      <subfield code="d">1577-1644</subfield>
    </datafield>
    <datafield tag="400" ind1="1" ind2=" ">
      <subfield code="a">Bischoffsheim, Christof &#152;von&#156;</subfield>
      <subfield code="d">1577-1644</subfield>
    </datafield>
    <datafield tag="400" ind1="1" ind2=" ">
      <subfield code="a">Bischofsheimb, Christoph &#152;von&#156;</subfield>
      <subfield code="d">1577-1644</subfield>
    </datafield>
    <datafield tag="400" ind1="1" ind2=" ">
      <subfield code="a">Bischofsheimb, Christoff &#152;von&#156;</subfield>
      <subfield code="d">1577-1644</subfield>
    </datafield>
    <datafield tag="400" ind1="1" ind2=" ">
      <subfield code="a">Bischofheimb, Christoff &#152;von&#156;</subfield>
      <subfield code="d">1577-1644</subfield>
    </datafield>
    <datafield tag="400" ind1="1" ind2=" ">
      <subfield code="a">Bischofsheimb, Christof &#152;von&#156;</subfield>
      <subfield code="d">1577-1644</subfield>
    </datafield>
    <datafield tag="400" ind1="1" ind2=" ">
      <subfield code="a">Bischofsheim, Christoph &#152;von&#156;</subfield>
      <subfield code="d">1577-1644</subfield>
    </datafield>
    <datafield tag="400" ind1="1" ind2=" ">
      <subfield code="a">Bischofsheim, Christoff &#152;von&#156;</subfield>
      <subfield code="d">1577-1644</subfield>
    </datafield>
    <datafield tag="400" ind1="1" ind2=" ">
      <subfield code="a">Bischofheim, Christoff &#152;von&#156;</subfield>
      <subfield code="d">1577-1644</subfield>
    </datafield>
    <datafield tag="400" ind1="1" ind2=" ">
      <subfield code="a">Bischofsheim, Christof &#152;von&#156;</subfield>
      <subfield code="d">1577-1644</subfield>
    </datafield>
    <datafield tag="400" ind1="1" ind2=" ">
      <subfield code="a">Bischofsheimb und Eisenberg, Christoff &#152;von&#156;</subfield>
      <subfield code="d">1577-1644</subfield>
    </datafield>
    <datafield tag="400" ind1="1" ind2=" ">
      <subfield code="a">Bischofsheimb und Eisenberg, Christoph &#152;von&#156;</subfield>
      <subfield code="d">1577-1644</subfield>
    </datafield>
    <datafield tag="400" ind1="1" ind2=" ">
      <subfield code="a">Bischofsheim und Eisenberg, Christoph &#152;von&#156;</subfield>
      <subfield code="d">1577-1644</subfield>
    </datafield>
    <datafield tag="400" ind1="1" ind2=" ">
      <subfield code="a">Bischoffsheim und Eisenberg, Christoph &#152;von&#156;</subfield>
      <subfield code="d">1577-1644</subfield>
    </datafield>
    <datafield tag="400" ind1="1" ind2=" ">
      <subfield code="a">Bischoffsheimb und Eisenberg, Christoph &#152;von&#156;</subfield>
      <subfield code="d">1577-1644</subfield>
    </datafield>
    <datafield tag="548" ind1=" " ind2=" ">
      <subfield code="a">1577-1644</subfield>
      <subfield code="4">datl</subfield>
      <subfield code="4">https://d-nb.info/standards/elementset/gnd#dateOfBirthAndDeath</subfield>
      <subfield code="w">r</subfield>
      <subfield code="i">Lebensdaten</subfield>
    </datafield>
    <datafield tag="667" ind1=" " ind2=" ">
      <subfield code="a">VD-17</subfield>
    </datafield>
    <datafield tag="672" ind1=" " ind2="0">
      <subfield code="a">Bavarus, Georg: Numinis Altissimi Adiutorum ... - 1645</subfield>
    </datafield>
    <datafield tag="913" ind1=" " ind2=" ">
      <subfield code="S">pnd</subfield>
      <subfield code="i">a</subfield>
      <subfield code="a">Bischoffsheimb, Christoph /von</subfield>
      <subfield code="0">(DE-588a)121654052</subfield>
    </datafield>
  </record>
